@TECHREPORT{NCAR2009STRATEGY,
  author = {NCAR},
  title = "{National Center for Atmospheric Research 2009-2014 Strategic Plan}",
  year = {2009},
  url = {http://ncar.ucar.edu/documents/strategic-plan/2009}
}

@TECHREPORT{NRC2012CLIMATEMODELS,
  institution = {National Research Council},
  title = {A National Strategy for Advancing Climate Modeling},
  year = {2012},
  url = {http://dels.nas.edu/Report/National-Strategy-Advancing-Climate/13430}
}

@ARTICLE{HTH2007AIAA,
  title={A flux reconstruction approach to high-order schemes including discontinuous {G}alerkin methods},
  author={Huynh, HT},
  journal={AIAA paper},
  volume={4079},
  year={2007}
}

@ARTICLE{AAVRL1977GCM,
  title={Computational design of the basic dynamical processes of the {UCLA} general circulation model},
  author={Arakawa, A. and Lamb, V.R.},
  journal={General circulation models of the atmosphere.(A 78-10662 01-47) New York, Academic Press, Inc.},
  pages={173--265},
  year={1977}
}

@ARTICLE{CJCJS2012JCP,
 author = {Cotter, C. J. and Shipton, J.},
 title = {Mixed finite elements for numerical weather prediction},
 journal = {J. Comput. Phys.},
 volume = {231},
 number = {21},
 month = aug,
 year = {2012},
 issn = {0021-9991},
 pages = {7076--7091},
 doi = {10.1016/j.jcp.2012.05.020},
} 

@ARTICLE{DBLG2009CS,
 author = {Boffi, Daniele and Gastaldi, Lucia},
 title = {Some remarks on quadrilateral mixed finite elements},
 journal = {Comput. Struct.},
 volume = {87},
 number = {11-12},
 month = jun,
 year = {2009},
 issn = {0045-7949},
 pages = {751--757},
 doi = {10.1016/j.compstruc.2008.12.006},
 acmid = {1539845},
} 

@ARTICLE{PAUMN2012QJRMS,
   author = {{Ullrich}, P.~A. and {Norman}, M.~R.},
    title = "{The conservative Semi-Lagrangian Spectral Element (SLSE) method for tracer transport}",
journal = {Quart. J. Royal Meteor. Soc.},
   year = {2012},
   note = {In review},
   url = {http://amg.ucdavis.edu/SemiLagrangianSEDraft.pdf}
}

@ARTICLE{PAUCJ2011JCP,
   author = {{Ullrich}, P.~A. and {Jablonowski}, C.},
    title = "{An analysis of 1D finite-volume methods for geophysical problems on refined grids}",
  journal = {J. Comput. Phys.},
     year = 2011,
   volume = 230,
    pages = {706-725},
      doi = {10.1016/j.jcp.2010.10.014},
   adsurl = {http://adsabs.harvard.edu/abs/2011JCoPh.230..706U},
  adsnote = {Provided by the SAO/NASA Astrophysics Data System}
}

@ARTICLE{MTAF2010JCP,
   author = "Mark A. Taylor and Aimé Fournier",
    title = "A compatible and conservative spectral element method on unstructured grids",
  journal = "J. Comput. Phys.",
   volume = "229",
   number = "17",
    pages = "5879 - 5895",
     year = "2010",
     issn = "0021-9991",
      doi = "10.1016/j.jcp.2010.04.008"
}

@ARTICLE{JFKFXG2012JCP,
   author = {{Kelly}, J.~F. and {Giraldo}, F.~X.},
    title = "{Continuous and discontinuous Galerkin methods for a scalable three-dimensional nonhydrostatic atmospheric model: Limited-area mode}",
  journal = "J. Comput. Phys.",
     year = 2012,
    month = oct,
   volume = 231,
    pages = {7988-8008},
      doi = {10.1016/j.jcp.2012.04.042},
   adsurl = {http://adsabs.harvard.edu/abs/2012JCoPh.231.7988K},
  adsnote = {Provided by the SAO/NASA Astrophysics Data System}
}

@ARTICLE{JDJEKJEONGetal2011IJHPCA,
  author = {J. Dennis and J. Edwards and K. J. Evans and O. N. Guba and P.
H. Lauritzen and A. A. Mirin and A. St-Cyr and M. A. Taylor and P. H.
Worley},
   title = "{CAM-SE: A scalable spectral element dynamical core for the
{C}ommunity {A}tmosphere {M}odel}",
   year = 2011,
  journal = {Int. J. High Perform. Comput. Appl.},
   doi = {10.1177/1094342011428142}
}

@ARTICLE{DSBCACDMMD2004ARXIV,
   author = {{Balsara}, D.~S. and {Altmann}, C. and {Munz}, C.-D. and {Dumbser}, M.},
    title = "{A sub-cell based indicator for troubled zones in RKDG schemes and a novel class of hybrid RKDG+HWENO schemes}",
  journal = {ArXiv Physics e-prints},
   eprint = {arXiv:physics/0411160},
     year = 2004,
    month = nov
}

@ARTICLE{DAR1994MWR,
   author = {{Randall}, D.~A.},
    title = "{Geostrophic adjustment and the finite-difference shallow-water equations}",
  journal = {Mon. Weather Rev.},
     year = 1994,
   volume = 122,
    pages = {1371},
      doi = {10.1175/1520-0493(1994)122<1371:GAATFD>2.0.CO;2},
   adsurl = {http://adsabs.harvard.edu/abs/1994MWRv..122.1371R},
  adsnote = {Provided by the SAO/NASA Astrophysics Data System}
}

@ARTICLE{TMASJT2012QJRMS,
author = {Melvin, Thomas and Staniforth, Andrew and Thuburn, John},
title = {Dispersion analysis of the spectral element method},
journal = {Quart. J. Royal Meteor. Soc.},
volume = {138},
number = {668},
publisher = {John Wiley & Sons, Ltd.},
issn = {1477-870X},
doi = {10.1002/qj.1906},
pages = {1934--1947},
year = {2012},
}

@ARTICLE{RJL1996SIAM,
   author = {{LeVeque}, R.~J.},
     title = "{High-resolution conservative algorithms for advection in incompressible flow}",
   journal = {SIAM J. Numer. Anal.},
      year = 1996,
   volume = 33,
     pages = {627-665}
}

@ARTICLE{PHLWCSMJP2012GMDD,
   author = {{Lauritzen}, P.~H. and {Skamarock}, W.~C. and {Prather}, M.~J. and 
	{Taylor}, M.~A.},
    title = "{A standard test case suite for two-dimensional linear transport on the sphere}",
  journal = {Geoscientific Model Development Discussions},
     year = 2012,
   volume = 5,
    pages = {189-228},
      doi = {10.5194/gmdd-5-189-2012},
   adsurl = {http://adsabs.harvard.edu/abs/2012GMDD....5..189L},
  adsnote = {Provided by the SAO/NASA Astrophysics Data System}
}

@TECHREPORT{DCMIP2012TESTCASES,
author = {{Ullrich}, P.~A. and {Jablonowski}, C. and {Kent}, J. and {Lauritzen}, P.~H. and {Nair}, R.~D. and {Taylor}, M.~A.},
title = "{Dynamical Core Model Intercomparison Project (DCMIP) Test Case Document}",
year = {2012},
url = "{http://hydra-cog.fsl.noaa.gov/site_media/docs/DCMIP-TestCaseDocument_v1.7.pdf}"
}

@ARTICLE{JKPAUCJ2012QJRMS,
  author = {{Kent}, J. and {Ullrich}, P.~A. and {Jablonowski}, C.},
   title = "{Dynamical Core Model Intercomparison Project: Tracer transport test cases}",
   journal = {Quart. J. Royal Meteor. Soc.},
     year = {2012},
     note = {To be submitted}
 }
 
@article {ASMTCC2012QJRMS,
author = {Staniforth, Andrew and Melvin, Thomas and Cotter, Colin},
title = {Analysis of a mixed finite-element pair proposed for an atmospheric dynamical core},
journal = {Quart. J. Royal Meteor. Soc.},
publisher = {John Wiley & Sons, Ltd.},
issn = {1477-870X},
doi = {10.1002/qj.2028},
year = {2012},
volume = {139},
pages = {1239--1254}
}

@Article{WDHJS1992JCP,
  author = 	 {D.L. Williamson and J.B. Drake and J.J. Hack and R. Jakob and P.N. Swarztrauber},
  title = 	 {A Standard Test Set for Numerical Approximations to the Shallow Water Equations in Spherical Geometry},
  journal = 	 {J. Comput. Phys.},
  year = 	 {1992},
  OPTkey = 	 {},
  volume = 	 {102},
  OPTnumber = 	 {},
  pages = 	 {211-224},
  OPTmonth = 	 {},
}


@ARTICLE{PHLRDNPAU2010JCP,
   author = {{Lauritzen}, P.~H. and {Nair}, R.~D. and {Ullrich}, P.~A.},
    title = "{A Conservative Semi-Lagrangian Multi-tracer transport scheme (CSLAM) on the cubed-sphere grid}",
  journal = {J. Comput. Phys.},
     year = 2010,
    month = mar,
   volume = 229,
    pages = {1401-1424},
      doi = {10.1016/j.jcp.2009.10.036}
}

@ARTICLE{PAUPHLCJ2012IJNMF,
author = {Ullrich, Paul Aaron and Lauritzen, Peter Hjort and Jablonowski, Christiane},
title = {Some considerations for high-order `incremental remap'-based transport schemes: edges, reconstructions, and area integration},
journal = {Int. J. Numer. Meth. Fluids},
publisher = {John Wiley & Sons, Ltd},
issn = {1097-0363},
doi = {10.1002/fld.3703},
pages = {},
year = {2012},
}

@INPROCEEDINGS{PHLPAURDN2011SPRINGER,
   author = {{Lauritzen}, P.~H. and {Ullrich}, P.~A. and {Nair}, R.~D.},
    title = "{Atmospheric Transport Schemes: Desirable Properties and a Semi-Lagrangian View on Finite-Volume Discretizations}",
  chapter = 8,
    pages = {185--250},
publisher = {Springer},
     year = {2011},
  editors = {{Lauritzen}, P.~H. and {Jablonowski}, C. and {Taylor}, M.~A. and {Nair}, R.~D.},
booktitle = "{Numerical Techniques for Global Atmospheric Models, Lecture Notes in Computational Science and Engineering}",
   volume = {80}
}

@ARTICLE{PAUCJBVL2010JCP,
   author = {{Ullrich}, P.~A. and {Jablonowski}, C. and {van Leer}, B.},
    title = "{High-order finite-volume methods for the shallow-water equations on the sphere}",
  journal = {J. Comput. Phys.},
     year = 2010,
    month = aug,
   volume = 229,
    pages = {6104-6134},
      doi = {10.1016/j.jcp.2010.04.044}
}

@ARTICLE{PAUCJ2012MWR,
   author = {{Ullrich}, P.~A. and {Jablonowski}, C.},
    title = "{Operator-split Runge-Kutta-Rosenbrock methods for nonhydrostatic atmospheric models}",
  journal = {Mon. Weather Rev.},
     year = 2012,
    month = apr,
   volume = 140,
    pages = {1257-1284},
      doi = {10.1175/MWR-D-10-05073.1}
}

@ARTICLE{PAUCJ2012JCP,
   author = {{Ullrich}, P.~A. and {Jablonowski}, C.},
    title = "{MCore:  A non-hydrostatic atmospheric dynamical core utilizing high-order finite-volume methods}",
  journal = {J. Comput. Phys.},
  volume = 231,
   issue = 15,
    pages = {5078-5108},
     year = 2012,
      doi = {10.1016/j.jcp.2012.04.024}
}

@ARTICLE{PAUTMCJAS2012QJRMS,
   author = {{Ullrich}, P.~A. and {Melvin}, T. and {Jablonowski}, C. and {Staniforth}, A.},
    title = "{A baroclinic wave test case for deep and shallow atmosphere atmospheric dynamical cores}",
journal = {Quart. J. Royal Meteor. Soc.},
   year = {2012},
   note = {In review},
   url = {http://amg.ucdavis.edu/DeepBaroclinicInstabilityDraft.pdf}
}

@ARTICLE{CJPAUKAR2012QJRMS,
   author = {{Jablonowski}, C. and {Ullrich}, P.~A. and {Reed}, K.~A.},
    title = "{A baroclinic instability test case in a 3D channel}",
journal = {Quart. J. Royal Meteor. Soc.},
   year = {2012},
   note = {In review}
}

@MISC{DCMIPWEB,
author = "{DCMIP}",
title = "{The Dynamical Core Model Intercomparison Project 2012}",
month = aug,
year = {2012},
url = {http://earthsystemcog.org/projects/dcmip-2012/}
}

@ARTICLE{PAUPHLCJ2009MWR,
    author = {Paul A. Ullrich and Peter H. Lauritzen and Christiane Jablonowski},
    title = {Geometrically exact conservative remapping ({G}{E}{C}o{R}e): {R}egular latitude-longitude and cubed-sphere grids},
    journal = {Mon. Weather Rev.},
    year = {2009},
    volume = {137},
    pages = {1721--1741} 
}

@ARTICLE{PRJT1977MAFEM,
  title={A mixed finite element method for 2-nd order elliptic problems},
  author={Raviart, P. and Thomas, J.},
  journal={Mathematical Aspects of Finite Element Methods},
  pages={292--315},
  year={1977},
  publisher={Springer}
}

@ARTICLE{patera:84,
title = "A spectral element method for fluid dynamics: Laminar flow in a channel expansion",
journal = "J. Comput. Phys.",
volume = "54",
number = "3",
pages = "468 - 488",
year = "1984",
note = "",
issn = "0021-9991",
doi = "10.1016/0021-9991(84)90128-1",
author = "Anthony T Patera"
}

@INPROCEEDINGS{maday:89,
   author = {{Maday}, Y. and {Patera}, A.~T.},
    title = "{Spectral element methods for the incompressible Navier-Stokes equations}",
booktitle = {State-of-the-art surveys on computational mechanics (A90-47176 21-64). New York, American Society of Mechanical Engineers, 1989, p. 71-143. Research supported by DARPA.},
     year = 1989,
    pages = {71-143},
   adsurl = {http://adsabs.harvard.edu/abs/1989sasc.proc...71M},
  adsnote = {Provided by the SAO/NASA Astrophysics Data System}
}

@BOOK{OCZRLTJZZ2005,
  title={The finite element method: its basis and fundamentals},
  author={Zienkiewicz, O.C. and Taylor, R.L. and Zhu, J.Z.},
  volume={1},
  year={2005},
  publisher={Butterworth-Heinemann}
}

@ARTICLE{FBSR1997JCP,
  title="{A high-order accurate discontinuous finite element method for the numerical solution of the compressible Navier--Stokes equations}",
  author={Bassi, F. and Rebay, S.},
  journal={J. Comput. Phys.},
  volume={131},
  number={2},
  pages={267--279},
  year={1997},
  publisher={Elsevier}
}

@ARTICLE{BCCWS1998JCP,
  title="{The Runge--Kutta discontinuous Galerkin method for conservation laws V: multidimensional systems}",
  author={Cockburn, B. and Shu, C.W.},
  journal={J. Comput. Phys.},
  volume={141},
  number={2},
  pages={199--224},
  year={1998},
  publisher={Elsevier}
}

@ARTICLE{taylor:97,
   author = {{Taylor}, M.~A. and {Tribbia}, J. and {Iskandarani}, M.},
    title = "{The spectral element method for the shallow water equations on the sphere}",
  journal = {J. Comput. Phys.},
     year = 1997,
    month = jan,
   volume = 130,
    pages = {92-108},
      doi = {10.1006/jcph.1996.5554},
   adsurl = {http://adsabs.harvard.edu/abs/1997JCoPh.130...92T},
  adsnote = {Provided by the SAO/NASA Astrophysics Data System}
}

@Article{NTL2005MWR,
  author = 	 {Ramachandran D. Nair and Stephen J. Thomas and Richard D. Loft},
  title = 	 {A {D}iscontinuous {G}alerkin global shallow water model},
  journal = 	 {Mon. Weather Rev.},
  year = 	 {2005},
  volume = 	 {133},
  pages = 	 {876-888}
}

@ARTICLE{FXGTER2004MWR,
   author = {{Giraldo}, F.~X. and {Rosmond}, T.~E.},
    title = "{A scalable Spectral Element {E}ulerian Atmospheric Model (SEE-AM) for {NWP}: Dynamical core tests}",
  journal = {Mon. Weather Rev.},
     year = 2004,
   volume = 132,
    pages = {133-153},
      doi = {10.1175/1520-0493(2004)132<0133:ASSEEA>2.0.CO;2},
   adsurl = {http://adsabs.harvard.edu/abs/2004MWRv..132..133G},
  adsnote = {Provided by the SAO/NASA Astrophysics Data System}
}

@article{AFMTJT2004MWR,
author = {Fournier, Aim\'e and Taylor, Mark A. and Tribbia, Joseph J.},
title = "{The Spectral Element Atmosphere Model (SEAM): High-resolution parallel computation and localized resolution of regional dynamics}",
journal = {Mon. Weather Rev.},
volume = {132},
number = {3},
pages = {726-748},
year = {2004},
doi = {10.1175/1520-0493(2004)132<0726:TSEAMS>2.0.CO;2}
}

@ARTICLE{FXGMR2008JCP,
   author = {{Giraldo}, F.~X. and {Restelli}, M.},
    title = "{A study of spectral element and discontinuous Galerkin methods for the Navier Stokes equations in nonhydrostatic mesoscale atmospheric modeling: Equation sets and test cases}",
  journal = {J. Comput. Phys.},
     year = 2008,
    month = apr,
   volume = 227,
    pages = {3849-3877},
      doi = {10.1016/j.jcp.2007.12.009},
   adsurl = {http://adsabs.harvard.edu/abs/2008JCoPh.227.3849G},
  adsnote = {Provided by the SAO/NASA Astrophysics Data System}
}

@ARTICLE{SJL2004MWR,
  title={A “vertically Lagrangian” finite-volume dynamical core for global models},
  author={Lin, S.J.},
  journal={Mon. Weather Rev.},
  volume={132},
  number={10},
  pages={2293--2307},
  year={2004}
}

@INCOLLECTION{WMPSJL2009NMSPF,
   author    = "W. M. Putman and S.-J. Lin",
   editor = "N. V. Pogorelov and E. Audit and P. Colella and G. P. Zank",
   title     = "A Finite-Volume Dynamical Core on the Cubed-Sphere Grid",
   booktitle = "Numerical Modeling of Space Plasma Flows: Astronum-2008",
   year      = 2009,
   volume = 406,
   pages = "268--276",
   publisher = "{A}stronomical {S}ociety of the {P}acific {C}onference {S}eries"
}

@TECHREPORT{SWCKJBDJetal2001,
  title="{A description of the Advanced Research WRF Version 2}",
  author={Skamarock, W.C. and Klemp, J.B. and Dudhia, J. and Gill, D.O. and Barker, D.M. and Wang, W. and Powers, J.G.},
  year={2005},
  institution={National Center for Atmospheric Research, Mesoscale and Microscale Meteorology Divison},
  number={NCAR/TN-468+}
}

@ARTICLE{WCSJBKMGDLDFSHPTDR2012MWR,
   author = {{Skamarock}, W.~C. and {Klemp}, J.~B. and {Duda}, M.~G. and 
	{Fowler}, L.~D. and {Park}, S.-H. and {Ringler}, T.~D.},
    title = "{A multiscale nonhydrostatic atmospheric model using centroidal Voronoi tesselations and C-grid staggering}",
  journal = {Mon. Weather Rev.},
     year = 2012,
   volume = 140,
    pages = {3090-3105},
      doi = {10.1175/MWR-D-11-00215.1}
}

@INPROCEEDINGS{JB1996ICSHOM,
  author = {Boyd, J.},
  year = {1996},
  title = "{The erfc-log ﬁlter and the asymptotics of the Euler and Vandeven sequence accelerations}",
  editor = {Ilin A.~V., Scottv L.~R.},
  booktitle = {Proceedings of the Third International Conference on Spectral and High Order Methods},
  note = {Houston, Journal of Mathematics, Houston, Texas},
  pages = {267–276}
}

@unpublished{OGMATASC2013,
   author = {Oksana Guba and Mark A. Taylor and A. St.Cyr},
    title = {Optimal limiters for the spectral element method},
   note = "Under review",
   year = 2013
}

@unpublished{OGMNLJROMATPAU2013,
  author = {Guba, O. and M.N. Levy and J.R. Overfelt and M.A. Taylor and P.A. Ullrich},
  year = 2013,
  title =  "{Scale-aware hyperviscosity for the spectral element method}",
  note = "To be submitted"
}

@ARTICLE{PAU2013QJRMS,
  title = {Understanding the treatment of waves in atmospheric models, Part I: The shortest resolved waves of the 1D linearized shallow water equations},
  author = {Ullrich, P.~A.},
  journal = {Quart. J. Royal Meteor. Soc.},
  year = 2013,
  note = {Accepted},
  doi = {10.1002/qj.2226}
}

@ARTICLE{JABAJM2010CMS,
  title = {Intraseasonal multi-scale moist dynamics of the tropical troposphere},
  author = {Biello, J.~A. and Majda, A.~J.},
  year = {2010},
  volume = {8},
  pages = {519--540},
  journal = {Commun. Math. Sci.}
}

@ARTICLE{JABAJM2012JAS,
  title = {A multi-scale model for the modulation and rectication of the {ITCZ}},
  author = {Biello, J.~A. and Majda, A.~J.},
  year = {2012},
  journal = {J. Atmos. Sci.},
  note = {In press}
}

@ARTICLE{JABAJM2005JAS,
  title = {A new Multiscale Model for the {M}adden-{J}ulian {O}scillation},
  author = {Biello, J.~A. and Majda, A.~J.},
  year = {2005},
  journal = {J. Atmos. Sci.},
  volume = {62},
  pages = {1694--1721},
}

@ARTICLE{BKYHJAB2005JAS,
  title = {A new multiscale model for the {M}adden-{J}ulian {O}scillation},
  author = {Khouider, B.~M. and Han, Y. and Biello, J.~A.},
  year = {2005},
  journal = {J. Atmos. Sci.},
  volume = {69},
  pages = {281--302},
}

@ARTICLE{BMKJABAJM2010CMS,
  title = {A stochastic multicloud model for tropical convection},
  author = {Khouider, B.~M. and Biello, J.~A. and Majda, A.~J.},
  year = {2010},
  journal = {Commun. Math. Sci.},
  volume = {8},
  pages = {187--216},
}

@article{JTTJW2005JCP,
  title="{Vertical discretizations for compressible Euler equation atmospheric models giving optimal representation of normal modes}",
  author={Thuburn, J. and Woollings, T.J.},
  journal={J. Comput. Phys.},
  volume={203},
  number={2},
  pages={386--404},
  year={2005},
  publisher={Elsevier}
}

@article{JT2006QJRMS,
  title="{Vertical discretizations giving optimal representation of normal modes: Sensitivity to the form of the pressure-gradient term}",
  author={Thuburn, J},
  journal={Quart. J. Royal Meteor. Soc.},
  volume={132},
  number={621},
  pages={2809--2825},
  year={2006},
  publisher={Wiley Online Library}
}

@article{MDTRDA2007JCP,
  title="{Comment on the article ``Vertical discretizations for compressible Euler equation atmospheric models giving optimal representation of normal modes'' by Thuburn and Woollings}",
  author={Toy, Michael D and Randall, David A},
  journal={J. Comput. Phys},
  volume={223},
  number={1},
  pages={82--88},
  year={2007},
  publisher={Elsevier}
}

@article{JGCNAP1953JAS,
  title={Numerical integration of the quasi-geostrophic equations for barotropic and simple baroclinic flows.},
  author={Charney, JG and Phillips, NA},
  journal={J. Atmos. Sci.},
  volume={10},
  pages={71--99},
  year={1953}
}

@article{AJSDMB1981MWR,
  title={An energy and angular-momentum conserving vertical finite-difference scheme and hybrid vertical coordinates},
  author={Simmons, Adrian J and Burridge, David M},
  journal={Mon. Weather Rev.},
  volume={109},
  number={4},
  pages={758--766},
  year={1981}
}

@article{AASM1988JAS,
  title={Baroclinic instability in vertically discrete systems},
  author={Arakawa, Akio and Moorthi, Shrinivas},
  journal={J. Atmos. Sci.},
  volume={45},
  number={11},
  pages={1688--1708},
  year={1988}
}

@article{PAUTMCJAS2013QJRMS,
  title={A proposed baroclinic wave test case for deep and shallow-atmosphere dynamical cores},
  author={Ullrich, Paul A and Melvin, Thomas and Jablonowski, Christiane and Staniforth, Andrew},
  journal={Quart. J. Royal Meteor. Soc.},
  year={2013},
  publisher={John Wiley \& Sons, Ltd},
  note={In press}
}

@article{PAU2014MWR,
  title={A non-hydrostatic framework for finite-element modeling the atmosphere},
  author={Ullrich, Paul A},
  journal={Mon. Weather Rev.},
  year={2014},
  note={To be submitted}
}

@article{CACMHK2003ANM,
  title={Additive Runge-Kutta Schemes for Convection-Diffusion-Reaction Equations},
  author={Mark H. Kennedy and Christopher A. Carpenter},
  journal={Appl. Numer. Math.},
  volume={44},
  pages={139--181},
  year={2003},
  publisher={Elsevier}
}

@article{HWSJLNW2013JCP,
  title="{Runge--Kutta IMEX schemes for the Horizontally Explicit/Vertically Implicit (HEVI) solution of wave equations}",
  author={Weller, Hilary and Lock, Sarah-Jane and Wood, Nigel},
  journal={J. Comput. Phys.},
  volume={252},
  pages={365--381},
  year={2013},
  publisher={Elsevier}
}

@ARTICLE{UASJRRJS1997AMM,
   author = {{Ascher}, U.M. and {Ruuth}, S.J. and {Spiteri}, R.J.},
    title = "{Implicit-explicit Runge-Kutta methods for time-dependent partial differential equations}",
  journal = {Appl. Numer. Math.},
   volume = {25},
   number = {2-3},
    pages = {151--167},
     year = {1997},
     issn = "0168-9274",
      doi = {10.1016/S0168-9274(97)00056-1}
}

@article{LMHSJL2013MWR,
  title={A Two-Way Nested Global-Regional Dynamical Core on the Cubed-Sphere Grid},
  author={Harris, Lucas M and Lin, Shian-Jiann},
  journal={Mon. Weather Rev.},
  volume={141},
  number={1},
  pages={283--306},
  year={2013}
}

@article{CMZCJMAT2013MWR,
  title={Using Variable Resolution Meshes to Model Tropical Cyclones in the {C}ommunity {A}tmosphere {M}odel},
  author={Zarzycki, Colin M and Jablonowski, Christiane and Taylor, Mark A},
  journal={Mon. Weather Rev.},
  year={2013},
  note={In press}
}

@article{MJBPC1989JCP,
  title={Local adaptive mesh refinement for shock hydrodynamics},
  author={Berger, Marsha J and Colella, Phillip},
  journal={J. Comput. Phys.},
  volume={82},
  number={1},
  pages={64--84},
  year={1989},
  publisher={Elsevier}
}

@article{JWHetal2013BAMS,
  title="{The community Earth system model: A framework for collaborative research}",
  author={Hurrell, James W and Holland, MM and Gent, PR and Ghan, S and Kay, JE and Kushner, PJ and Lamarque, J-F and Large, WG and Lawrence, D and Lindsay, K and others and Lipscomb, WH and Long, MC and Mahowald, N and Marsh, DR and Neale, RB and Rasch, P and Vavrus, S and Vertenstein, M and Bader, D and Collins, WD and Hack, JJ and Kiehl, J and Marshall, S},
  journal={Bull. Amer. Meteor. Soc.},
  year={2013},
  volume={94},
  pages={1339--1360}
}

@article{PHLCJMATRDN2010JAMES,
  title={Rotated Versions of the Jablonowski Steady-State and Baroclinic Wave Test Cases: A Dynamical Core Intercomparison},
  author={Lauritzen, Peter H and Jablonowski, Christiane and Taylor, Mark A and Nair, Ramachandran D},
  journal={J. Adv. Model. Earth Sys.},
  volume={2},
  number={4},
  year={2010},
  publisher={Wiley Online Library}
}

@UNPUBLISHED{ChomboDesign,
       author={P. Colella and D. T. Graves and N.D. Keen and T. J. Ligocki and
D. F. Martin and P.W. McCorquodale and D. Modiano and P.O. Schwartz and T.D. Sternberg and B. Van Straalen},
       title={{Chombo Software Package for AMR Applications - Design Document}},
       note="unpublished",
       year=2000,
}

@ARTICLE{JSSHPAD2013GMDD,
  title={Forecasts covering one month using a cut cell model},
  author={Steppeler, J and Park, S-H and Dobler, A},
  journal={Geosci. Model Dev. Disc.},
  volume={6},
  number={1},
  pages={625--643},
  year={2013},
  publisher={Copernicus GmbH}
}

@ARTICLE{JBK2011MWR,
  title={A terrain-following coordinate with smoothed coordinate surfaces},
  author={Klemp, Joseph B},
  journal={Mon. Weather Rev.},
  volume={139},
  number={7},
  pages={2163--2169},
  year={2011}
}

@ARTICLE{GZ2012MWR,
  title={Extending the Numerical Stability Limit of Terrain-Following Coordinate Models over Steep Slopes},
  author={Z{\"a}ngl, G{\"u}nther},
  journal={Mon. Weather Rev.},
  volume={140},
  number={11},
  pages={3722--3733},
  year={2012}
}

@ARTICLE{DTMZIJ1986MAP,
  title={Comparison of methods for reducing the error of the pressure gradient force in sigma coordinate models},
  author={Mihailovi{\'c}, DT and Janji{\'c}, ZI},
  journal={Meteor. Atm. Phys.},
  volume={35},
  number={3},
  pages={177--184},
  year={1986},
  publisher={Springer}
}

@ARTICLE{ZIJ1977BzPdA,
  title={Pressure gradient force and advection scheme used for forecasting with steep and small scale topography},
  author={Janjic, ZI},
  journal={Beitr{\"a}ge zur Physik der Atmosph{\"a}re},
  volume={50},
  number={1},
  pages={186--199},
  year={1977}
}

@ARTICLE{SJL1997QJRMS,
  title={A finite-volume integration method for computing pressure gradient force in general vertical coordinates},
  author={Lin, Shian-Jiann},
  journal={Quart. J. Royal Meteor. Soc.},
  volume={123},
  number={542},
  pages={1749--1762},
  year={1997},
  publisher={Wiley Online Library}
}

@ARTICLE{MAHAW2009SIAMJNA,
  title={Dispersive and dissipative behavior of the spectral element method},
  author={Ainsworth, Mark and Wajid, Hafiz Abdul},
  journal={SIAM J. Numer. Anal.},
  volume={47},
  number={5},
  pages={3910--3937},
  year={2009},
  publisher={SIAM}
}

@ARTICLE{FXGJSHTW2002JCP,
  title="{Nodal high-order discontinuous Galerkin methods for the spherical shallow water equations}",
  author={Giraldo, FX and Hesthaven, JS and Warburton, T},
  journal={J. Comput. Phys.},
  volume={181},
  number={2},
  pages={499--525},
  year={2002},
  publisher={Elsevier}
}
